<record><leader>00000cas a22000007a 4500</leader><controlfield tag="001">11031821</controlfield><controlfield tag="008">840808d19151917ohuwr ne      0    0eng d</controlfield><datafield ind1=" " ind2=" " tag="010"><subfield code="a">sn 84028433 </subfield></datafield><datafield ind1=" " ind2=" " tag="040"><subfield code="a">NPY</subfield><subfield code="b">eng</subfield><subfield code="c">NPY</subfield><subfield code="d">OCLCQ</subfield></datafield><datafield ind1=" " ind2=" " tag="042"><subfield code="a">msc</subfield></datafield><datafield ind1="0" ind2="0" tag="245"><subfield code="a">Wakeman world.</subfield></datafield><datafield ind1=" " ind2=" " tag="260"><subfield code="a">Wakeman, Ohio :</subfield><subfield code="b">H.B. Hurst,</subfield><subfield code="c">1915-</subfield></datafield><datafield ind1=" " ind2=" " tag="300"><subfield code="a">v. :</subfield><subfield code="b">ill. ;</subfield><subfield code="c">38-56 cm.</subfield></datafield><datafield ind1=" " ind2=" " tag="310"><subfield code="a">Weekly</subfield></datafield><datafield ind1="0" ind2=" " tag="362"><subfield code="a">Vol. 1, no. 1 (Jan. 30, 1915)-</subfield></datafield><datafield ind1="1" ind2=" " tag="362"><subfield code="a">Ceased in 1917?</subfield><subfield code="z">Cf. Gutgesell, S. Guide to Ohio newspapers, 1974.</subfield></datafield><datafield ind1=" " ind2=" " tag="752"><subfield code="a">United States</subfield><subfield code="b">Ohio</subfield><subfield code="c">Huron</subfield><subfield code="d">Wakeman.</subfield></datafield><datafield ind1="0" ind2="0" tag="780"><subfield code="t">Independent press (Wakeman, Ohio)</subfield><subfield code="w">(DLC)sn 84028432</subfield></datafield><datafield ind1="0" ind2="4" tag="785"><subfield code="t">Amherst weekly news</subfield><subfield code="w">(DLC)sn 84028332</subfield></datafield></record>